<record><leader>00000cas a22000007a 4500</leader><controlfield tag="001">26753258</controlfield><controlfield tag="008">921008d18811uuucauwr ne      0    0eng d</controlfield><datafield ind1=" " ind2=" " tag="010"><subfield code="a">sn 92068866 </subfield></datafield><datafield ind1=" " ind2=" " tag="040"><subfield code="a">CNK</subfield><subfield code="b">eng</subfield><subfield code="c">CNK</subfield><subfield code="d">OCLCQ</subfield></datafield><datafield ind1=" " ind2=" " tag="042"><subfield code="a">msc</subfield></datafield><datafield ind1="0" ind2="4" tag="245"><subfield code="a">The Alameda weekly news.</subfield></datafield><datafield ind1="3" ind2="0" tag="246"><subfield code="a">Alameda news semi-weekly</subfield></datafield><datafield ind1=" " ind2=" " tag="260"><subfield code="a">West End, Alameda [Calif.] :</subfield><subfield code="b">A.O. Ingham</subfield></datafield><datafield ind1=" " ind2=" " tag="300"><subfield code="a">v.</subfield></datafield><datafield ind1=" " ind2=" " tag="310"><subfield code="a">Weekly,</subfield><subfield code="b">&lt;Mar. 15-Oct. 4, 1883&gt;</subfield></datafield><datafield ind1=" " ind2=" " tag="321"><subfield code="a">Weekly,</subfield><subfield code="b">Oct. 20, 1881-Jan. 18, 1883</subfield></datafield><datafield ind1=" " ind2=" " tag="321"><subfield code="a">Semiweekly,</subfield><subfield code="b">Jan. 25-&lt;Feb. 21, 1883&gt;</subfield></datafield><datafield ind1="0" ind2=" " tag="362"><subfield code="a">Vol. 1, no. 36 (Oct. 20, 1881)-</subfield></datafield><datafield ind1=" " ind2=" " tag="500"><subfield code="a">Published as: The Alameda news semi-weekly, Jan. [25]-&lt;Feb. 21, 1883&gt;.</subfield></datafield><datafield ind1=" " ind2="4" tag="651"><subfield code="a">Alameda County (Calif.)</subfield><subfield code="v">Newspapers.</subfield></datafield><datafield ind1=" " ind2=" " tag="752"><subfield code="a">United States</subfield><subfield code="b">California</subfield><subfield code="c">Alameda</subfield><subfield code="d">Alameda.</subfield></datafield><datafield ind1="0" ind2="0" tag="780"><subfield code="t">Alameda semi-weekly news</subfield><subfield code="w">(DLC)sn 92068865</subfield></datafield><datafield ind1="1" ind2=" " tag="029"><subfield code="a">AU@</subfield><subfield code="b">000020735014</subfield></datafield></record>